This file was created with JabRef 2.2.
Encoding: Cp1252

@BOOK{AD2008,
  author = {Dietmar Abts},
  title = {Grundkurs Wirtschaftsinformatik: Eine kompakte und praxisorientierte Einführung},
  publisher = {Vieweg Teubner},
  volume = {6. Auflage},
  year = {2008},
}

@BOOK{FD2007,
  author = {Detlev Frick},
  title = {Grundkurs SAP ERP: Geschäftsprozessorientierte Einführung mit durchgehendem Fallbeispiel},
  publisher = {Vieweg Teubner},
  volume = {1. Auflage},
  year = {2007},
}

@ARTICLE{HaH2010,
author={Handelskammer Hamburg},
title={INTRASTAT-Meldungen bei innergemeinschaftlichen Warenbewegungen},
journal={INTRASTAT- Meldung},
year={2010},
}

@BOOK{TJ2006,
  author = {Till Frick},
  title = {SAP für Java-Entwickler},
  publisher = {Springer Berlin},
  volume = {1. Auflage},
  year = {2006},
}

@BOOK{MyS2006,
  author = {MySQL AB Development-Team},
  title = {Das offizielle MySQL 5-Handbuch},
  publisher = {Addison-Wesley-Verlag München},
  volume = {1. Auflage},
  year = {2006},
}

@BOOK{SBI2010,
  author = {Bundesamt Statistisches},
  title = {Intrahandelsstatistik Anleitung zum Ausfüllen der Intrastat-Vordrucke},
  publisher = {Statistisches Bundesamt Wiesbaden},
  volume = {1 Auflage},
  year = {2010},
}

@BOOK{SBII2010,
  author = {Bundesamt Statistisches},
  title = {Meldeformen bei der Datenerhebung im Intrahandel},
  publisher = {Statistisches Bundesamt Wiesbaden},
  volume = {1. Auflage},
  year = {2010},
}

@BOOK{SAPPD,
author={SAP},
title={Periodic Declarations SAP ERP 4.6C},
publisher={SAP},
volume={1. Auflage},
year={2001},
}

@BOOK{SAPID,
author={SAP},
title={Grundfunktionen SAP ERP 4.6C},
publisher={SAP},
volume={1. Auflage},
year={1999},
}

@BOOK{SAPNOTE1,
author={SAP},
title={SAP ERP - Hinweis 85933},
publisher={SAP},
volume={1. Auflage},
year={2005},
}

@BOOK{INTRAASCII,
author={Brunhilde Kreuter},
title={Datensatzbeschreibung ASCII-Format zur Dateimeldung im Intrahandel},
publisher={Statistisches Bundesamt Wiesbaden},
volume={1. Auflage},
year={2010},
}

@BOOK{WISTAT,
author={Peter v.d. Lippe},
title={Wirtschaftsstatistik},
publisher={UTB, Stuttgart},
volume={5. Auflage},
year={1996},
}

@BOOK{QGUIDE,
author={Platteeuw},
title={Quick Reference Guide to European VAT},
publisher={Kluwer Law International},
volume={1. Auflage},
year={2010},
}

@BOOK{EUTAXLAW,
author={Ben Terra},
title={European Tax Law},
publisher={Kluwer Law International},
volume={5. Auflage},
year={2005},
}

@BOOK{NWPIGL,
author={Jörg F. Kurzenberger},
title={Nachweisproblematik und Gutglaubensschutz bei innergemeinschaftlichen Lieferungen},
publisher={Grin Verlag},
volume={1. Auflage},
year={2009},
}

@BOOK{ELOSHIP,
author={Alan Edward Branch},
title={Elements of Shipping},
publisher={Taylor & Francis},
volume={8. Auflage},
year={2006},
}
